
@article{sutton11,
	title = {An introduction to conditional random fields},
	volume = {4},
	number = {4},
	journal = {Machine Learning},
	author = {Sutton, Charles and {McCallum}, Andrew},
	year = {2011},
	pages = {267{\textendash}373}
}

@article{schmidhuber15,
	title = {Deep learning in neural networks: {An} overview},
	volume = {61},
	shorttitle = {Deep learning in neural networks},
	journal = {Neural Networks},
	author = {Schmidhuber, J\"{u}rgen},
	year = {2015},
	pages = {85{\textendash}117}
}

@article{bengio03,
	title = {A neural probabilistic language model},
	volume = {3},
	journal = {The Journal of Machine Learning Research},
	author = {Bengio, Yoshua and Ducharme, R\'{e}jean and Vincent, Pascal and Janvin, Christian},
	year = {2003},
	pages = {1137{\textendash}1155}
}

@article{goldberg14,
	title = {word2vec explained: {Deriving} mikolov et al.'s negative-sampling word-embedding method},
	shorttitle = {word2vec explained},
	journal = {{arXiv} preprint {arXiv:1402.3722}},
	author = {Goldberg, Yoav and Levy, Omer},
	year = {2014}
}

@article{mikolov13,
	title = {Efficient estimation of word representations in vector space},
	journal = {{arXiv} preprint {arXiv:1301.3781}},
	author = {Mikolov, Tomas and Chen, Kai and Corrado, Greg and Dean, Jeffrey},
	year = {2013}
}

@misc{??,
	title = {Introduction to {Neural} {Machine} {Translation} with {GPUs} {(Part} 1) {\textbar} {Parallel} {Forall}},
	howpublished = {https://devblogs.nvidia.com/parallelforall/introduction-neural-machine-translation-with-gpus/}
}

@article{cho15,
	title = {On {Using} {Very} {Large} {Target} {Vocabulary} for {Neural} {Machine} {Translation}},
	author = {Cho, S\'{e}bastien Jean Kyunghyun and Memisevic, Roland and Bengio, Yoshua},
	year = {2015}
}

@article{chiu15,
	title = {Named entity recognition with bidirectional lstm-cnns},
	volume = {4},
	journal = {Transactions of the Association for Computational Linguistics},
	author = {Chiu, Jason {PC} and Nichols, Eric},
	year = {2015},
	pages = {357--370}
}

@inproceedings{serban16,
	address = {Phoenix, Arizona {USA}},
	title = {Building end-to-end dialogue systems using generative hierarchical neural network models},
	booktitle = {Proceedings of the 30th {AAAI} Conference on Artificial Intelligence {(AAAI-16)}},
	author = {Serban, Iulian V. and Sordoni, Alessandro and Bengio, Yoshua and Courville, Aaron and Pineau, Joelle},
	month = feb,
	year = {2016},
	pages = {3776--3783}
}

@inproceedings{liu16,
	address = {Austin, Texas, {USA}},
	title = {How {NOT} to evaluate your dialogue system: {An} empirical study of unsupervised evaluation metrics for dialogue response generation},
	shorttitle = {How {NOT} to evaluate your dialogue system},
	booktitle = {Proceedings of the 2016 Conference on Empirical Methods in Natural Language Processing {(EMNLP} 2016)},
	author = {Liu, Chia-Wei and Lowe, Ryan and Serban, Iulian V. and Noseworthy, Michael and Charlin, Laurent and Pineau, Joelle},
	month = nov,
	year = {2016},
	pages = {2122--2132}
}

@misc{abadi15,
title={{TensorFlow}: Large-Scale Machine Learning on Heterogeneous Systems},
url={http://tensorflow.org/},
note={Software available from tensorflow.org},
author={
    Mart\'{\i}n~Abadi and
    Ashish~Agarwal and
    Paul~Barham and
    Eugene~Brevdo and
    Zhifeng~Chen and
    Craig~Citro and
    Greg~S.~Corrado and
    Andy~Davis and
    Jeffrey~Dean and
    Matthieu~Devin and
    Sanjay~Ghemawat and
    Ian~Goodfellow and
    Andrew~Harp and
    Geoffrey~Irving and
    Michael~Isard and
    Yangqing Jia and
    Rafal~Jozefowicz and
    Lukasz~Kaiser and
    Manjunath~Kudlur and
    Josh~Levenberg and
    Dan~Man\'{e} and
    Rajat~Monga and
    Sherry~Moore and
    Derek~Murray and
    Chris~Olah and
    Mike~Schuster and
    Jonathon~Shlens and
    Benoit~Steiner and
    Ilya~Sutskever and
    Kunal~Talwar and
    Paul~Tucker and
    Vincent~Vanhoucke and
    Vijay~Vasudevan and
    Fernanda~Vi\'{e}gas and
    Oriol~Vinyals and
    Pete~Warden and
    Martin~Wattenberg and
    Martin~Wicke and
    Yuan~Yu and
    Xiaoqiang~Zheng},
  year={2015},
}