
@article{och03,
	title = {A systematic comparison of various statistical alignment models},
	volume = {29},
	lccn = {1932},
	number = {1},
	journal = {Computational Linguistics},
	author = {Och, {F.J.} and Ney, H.},
	year = {2003},
	keywords = {High},
	pages = {19--51}
}

@book{manning08,
	title = {Introduction to information retrieval},
	volume = {1},
	lccn = {3242},
	publisher = {Cambridge University Press Cambridge},
	author = {Manning, {C.D.} and Raghavan, P. and Schutze, H.},
	year = {2008}
}

@misc{??,
	keywords = {parallel corpus, persian}
}

@misc{??-a,
	keywords = {French, Parsed text}
}

@inproceedings{pedersen11,
	address = {Portland, {OR}, {USA}},
	title = {The {Ngram} {Statistics} {Package} {(Text::} {NSP)-A} flexible tool for identifying ngrams, collocations, and word associations},
	lccn = {0004},
	shorttitle = {The Ngram Statistics Package {(Text}},
	booktitle = {Workshop on Multiword Expression: From Parsing and Generation to the Real World {(MWE} 2011)},
	author = {Pedersen, T. and Banerjee, S. and {McInnes}, B. T. and Kohli, S. and Joshi, M. and Liu, Y.},
	month = jun,
	year = {2011},
	pages = {131--133}
}

@article{cunningham02,
	title = {{GATE}, a general architecture for text engineering},
	volume = {36},
	number = {2},
	journal = {Computers and the Humanities},
	author = {Cunningham, Hamish},
	year = {2002},
	pages = {223{\textendash}254}
}

@inproceedings{toutanova03,
	title = {Feature-rich part-of-speech tagging with a cyclic dependency network},
	lccn = {0798},
	booktitle = {Proceedings of the 2003 Conference of the North American Chapter of the Association for Computational Linguistics on Human Language Technology-Volume 1},
	author = {Toutanova, Kristina and Klein, Dan and Manning, Christopher D. and Singer, Yoram},
	year = {2003},
	pages = {173{\textendash}180}
}

@inproceedings{koehn05,
	address = {Phuket, Thailand},
	title = {Europarl: {A} parallel corpus for statistical machine translation},
	volume = {5},
	shorttitle = {Europarl},
	booktitle = {Proceedings of the 10th Machine Translation Summit},
	author = {Koehn, Philipp},
	month = sep,
	year = {2005},
	pages = {79--86}
}

@inproceedings{green11,
	address = {Edinburgh, Scotland, {UK}},
	title = {Multiword {Expression} {Identification} with {Tree} {Substitution} {Grammars:} {A} {Parsing} tour de force with {French}},
	shorttitle = {Multiword expression identification with tree substitution grammars},
	booktitle = {Proceedings of the Conference on Empirical Methods in Natural Language Processing},
	author = {Green, Spence and de Marneffe, Marie-Catherine and Bauer, John and Manning, Christopher D.},
	year = {2011},
	pages = {725{\textendash}735}
}

@misc{??-b,
	keywords = {Europarl, parallel corpus}
}

@inproceedings{gao08,
	address = {Columbus, {OH}, {USA}},
	title = {Parallel {Implementations} of {Word} {Alignment} {Tool}},
	booktitle = {Software Engineering, Testing, and Quality Assurance for Natural Language Processing},
	author = {Gao, Qin and Vogel, Stephan},
	year = {2008},
	pages = {49{\textendash}57}
}

@inproceedings{koehn07,
	address = {Prague},
	title = {Moses: {Open} source toolkit for statistical machine translation},
	shorttitle = {Moses},
	booktitle = {Proceedings of the 45th Annual Meeting of the {ACL} on Interactive Poster and Demonstration Sessions},
	author = {Koehn, Philipp and Hoang, Hieu and Birch, Alexandra and Callison-Burch, Chris and Federico, Marcello and Bertoldi, Nicola and Cowan, Brooke and Shen, Wade and Moran, Christine and Zens, Richard and Dyer, Chris and Bojar, Ondrej and Constantin, Alexandra and Herbst, Evan},
	month = jun,
	year = {2007},
	pages = {177--180}
}

@incollection{abeille03,
	title = {Building a treebank for {French}},
	booktitle = {Treebanks},
	publisher = {Dordretch : Kluwer Academic Publishers},
	author = {Abeill\'{e}, Anne and Cl\'{e}ment, Lionel and Toussenel, Fran\c{c}ois},
	year = {2003},
	pages = {165{\textendash}187}
}

@inproceedings{petrov07,
	address = {Rochester, {NY}},
	title = {Improved {Inference} for {Unlexicalized} {Parsing.}},
	booktitle = {Proceedings of {NAACL} {HLT} 2007},
	author = {Petrov, Slav and Klein, Dan},
	month = apr,
	year = {2007},
	pages = {404{\textendash}411}
}

@article{schuler05,
	title = {{VerbNet:} {A} broad-coverage, comprehensive verb lexicon},
	shorttitle = {{VerbNet}},
	url = {http://repository.upenn.edu/dissertations/AAI3179808/},
	journal = {Dissertations available from {ProQuest.}},
	author = {Schuler, Karin Kipper},
	year = {2005}
}

@book{ruppenhofer06,
	title = {{FrameNet} {II:} {Extended} theory and practice},
	shorttitle = {{FrameNet} {II}},
	url = {http://framenet2.icsi.berkeley.edu/docs/r1.5/book.pdf},
	author = {Ruppenhofer, Josef and Ellsworth, Michael and Petruck, Miriam {RL} and Johnson, Christopher R. and Scheffczyk, Jan},
	year = {2006}
}

@misc{marcu12,
	address = {California},
	title = {Discovery of parallel text portions in comparable collections of corpora and training using comparable texts},
	url = {http://google.com/patents/US8296127},
	author = {Marcu, Daniel and Munteanu, Dragos Stefan},
	month = oct,
	year = {2012}
}

@inproceedings{smith10,
	address = {Los Angeles, California},
	title = {Extracting parallel sentences from comparable corpora using document level alignment},
	booktitle = {Human Language Technologies: The 2010 Annual Conference of the North American Chapter of the Association for Computational Linguistics},
	author = {Smith, Jason R. and Quirk, Chris and Toutanova, Kristina},
	month = jun,
	year = {2010},
	pages = {403{\textendash}411}
}

@article{ferrucci04,
	title = {{UIMA:} {An} architectural approach to unstructured information processing in the corporate research environment},
	volume = {10},
	shorttitle = {{UIMA}},
	number = {3-4},
	journal = {Natural Language Engineering},
	author = {Ferrucci, David and Lally, Adam},
	year = {2004},
	pages = {327{\textendash}348}
}

@phdthesis{hamilton98,
	title = {Correlation-based feature subset selection for machine learning},
	school = {University of Waikato},
	author = {Hamilton, New Zealand},
	year = {1998}
}

@book{quinlan93,
	address = {San Francisco, {CA}, {USA}},
	title = {C4.5: {Programs} for {Machine} {Learning}},
	isbn = {1-55860-238-0},
	shorttitle = {C4.5},
	publisher = {Morgan Kaufmann Publishers Inc.},
	author = {Quinlan, J. Ross},
	year = {1993}
}

@article{hall09,
	title = {The {WEKA} data mining software: {An} update},
	volume = {11},
	shorttitle = {The {WEKA} data mining software},
	number = {1},
	journal = {{ACM} {SIGKDD} explorations newsletter},
	author = {Hall, Mark and Frank, Eibe and Holmes, Geoffrey and Pfahringer, Bernhard and Reutemann, Peter and Witten, Ian H.},
	year = {2009},
	pages = {10{\textendash}18}
}

@article{zipf49,
	title = {Human behavior and the principle of least effort.},
	author = {Zipf, George Kingsley},
	year = {1949}
}

@incollection{taylor03,
	title = {The {Penn} treebank: an overview},
	shorttitle = {The Penn treebank},
	booktitle = {Treebanks},
	publisher = {Springer},
	author = {Taylor, Ann and Marcus, Mitchell and Santorini, Beatrice},
	year = {2003},
	pages = {5{\textendash}22}
}

@inproceedings{tiedemann09,
	address = {Borovets, Bulgaria},
	title = {News from {OPUS-A} collection of multilingual parallel corpora with tools and interfaces},
	volume = {5},
	booktitle = {Recent advances in natural language processing},
	author = {Tiedemann, J\"{o}rg},
	month = sep,
	year = {2009},
	pages = {237{\textendash}248}
}

@inproceedings{tiedemann12,
	address = {Istanbul, Turkey},
	title = {Parallel {Data}, {Tools} and {Interfaces} in {OPUS.}},
	booktitle = {Proceedings of the Eight International Conference on Language Resources and Evaluation {(LREC} 2012)},
	author = {Tiedemann, J\"{o}rg},
	month = may,
	year = {2012},
	pages = {2214{\textendash}2218}
}

@inproceedings{johnson07,
	address = {Prague},
	title = {Improving translation quality by discarding most of the phrasetable},
	booktitle = {Proceedings of the 2007 Joint Conference on Empirical Methods in Natural Language Processing and Computational Natural Language Learning {(EMNLP-CoNLL} 2007)},
	author = {Johnson, John Howard and Martin, Joel and Foster, George and Kuhn, Roland},
	month = jun,
	year = {2007},
	pages = {967{\textendash}975}
}

@article{brown93,
	title = {The mathematics of statistical machine translation: {Parameter} estimation},
	volume = {19},
	shorttitle = {The mathematics of statistical machine translation},
	number = {2},
	journal = {Computational linguistics},
	author = {Brown, Peter F. and Pietra, Vincent J. Della and Pietra, Stephen A. Della and Mercer, Robert L.},
	year = {1993},
	pages = {263{\textendash}311}
}